% Encoding: UTF-8
@inproceedings{SunXLW19,
  title={Deep High-Resolution Representation Learning for Human Pose Estimation},
  author={Ke Sun and Bin Xiao and Dong Liu and Jingdong Wang},
  booktitle={CVPR},
  year={2019}
}

@article{DBLP:journals/corr/abs-1812-08008,
  author    = {Zhe Cao and
               Gines Hidalgo and
               Tomas Simon and
               Shih{-}En Wei and
               Yaser Sheikh},
  title     = {OpenPose: Realtime Multi-Person 2D Pose Estimation using Part Affinity
               Fields},
  journal   = {CoRR},
  volume    = {abs/1812.08008},
  year      = {2018},
  url       = {http://arxiv.org/abs/1812.08008},
  eprinttype = {arXiv},
  eprint    = {1812.08008},
  timestamp = {Wed, 02 Jan 2019 14:40:18 +0100},
  biburl    = {https://dblp.org/rec/journals/corr/abs-1812-08008.bib},
  bibsource = {dblp computer science bibliography, https://dblp.org}
}

@inproceedings{rasouli2017ICCVW,
title={Are they going to cross? A benchmark dataset and baseline for pedestrian crosswalk behavior},
author={Rasouli, Amir and Kotseruba, Iuliia and Tsotsos, John K},
booktitle={Proceedings of the IEEE International Conference on Computer Vision Workshops},
pages={206--213},
year={2017}
} 
@Comment{jabref-meta: databaseType:bibtex;}
